@article{Shor_1997,
	title={Polynomial-Time Algorithms for Prime Factorization and Discrete Logarithms on a Quantum Computer},
	volume={26},
	ISSN={1095-7111},
	url={http://dx.doi.org/10.1137/S0097539795293172},
	DOI={10.1137/s0097539795293172},
	number={5},
	journal={SIAM Journal on Computing},
	publisher={Society for Industrial & Applied Mathematics (SIAM)},
	author={Shor, Peter W.},
	year={1997},
	month=oct, pages={1484–1509}
}

@article{MILLER1976300,
	title = {Riemann's hypothesis and tests for primality},
	journal = {Journal of Computer and System Sciences},
	volume = {13},
	number = {3},
	pages = {300-317},
	year = {1976},
	issn = {0022-0000},
	doi = {https://doi.org/10.1016/S0022-0000(76)80043-8},
	url = {https://www.sciencedirect.com/science/article/pii/S0022000076800438},
	author = {Gary L. Miller},
	abstract = {In this paper we present two algorithms for testing primality of an integer. The first algorithm runs in 0(n1/7) steps; while, the second runs in 0(log4n) step but assumes the Extended Riemann Hypothesis. We also show that a class of functions which includes the Euler phi function are computationally equivalent to factoring integers.}
}

@article{6772729,
	author={Hamming, R. W.},
	journal={The Bell System Technical Journal}, 
	title={Error detecting and error correcting codes}, 
	year={1950},
	volume={29},
	number={2},
	pages={147-160},
	keywords={},
	doi={10.1002/j.1538-7305.1950.tb00463.x}
}

@techreport{NIST8545,
	author = {{National Institute of Standards and Technology}},
	title = {Status Report on the Fourth Round of the NIST Post-Quantum Cryptography Standardization Process},
	institution = {U.S. Department of Commerce},
	address= {Washington, D.C.},
	number = {NIST Internal Report 8545},
	DOI = {10.6028/NIST.IR.8545},
	year = {2025},
}

@incollection{VERLINDE2003203,
	title = {Error Detecting and Correcting Codes},
	editor = {Hossein Bidgoli},
	booktitle = {Encyclopedia of Information Systems},
	publisher = {Elsevier},
	address = {New York},
	pages = {203-228},
	year = {2003},
	isbn = {978-0-12-227240-0},
	doi = {https://doi.org/10.1016/B0-12-227240-4/00062-9},
	url = {https://www.sciencedirect.com/science/article/pii/B0122272404000629},
	author = {Patrick Verlinde}
}

@book{Pellikaan_Wu_Bulygin_Jurrius_2017,
	place={Cambridge},
	title={Codes, Cryptology and Curves with Computer Algebra},
	publisher={Cambridge University Press},
	author={Pellikaan, Ruud and Wu, Xin-Wen and Bulygin, Stanislav and Jurrius, Relinde},
	year={2017}
}

@article{McEliece,
	title = {A Public-Key Cryptosystem Based On Algebraic Coding Theory},
	journal = {Journal of Computer and System Sciences},
	volume = {42},
	number = {44},
	pages = {114-116},
	year = {1978},
	url = {https://ipnpr.jpl.nasa.gov/progress_report2/42-44/44N.PDF},
	author = {R. J. McEliece},
}

@article{HQC,
	title = {Hamming Quasi-Cyclic},
	year = {2025},
	url = {https://pqc-hqc.org/doc/hqc-specification_2025-02-19.pdf},
	author={Carlos Aguilar Melchor and Nicolas Aragon and Slim Bettaieb and Loïc Bidoux and Olivier Blazy and Jurjen Bos, Jean-Christophe Deneuville and Arnaud Dion and Philippe Gaborit and Jérôme Lacan and Edoardo Persichetti and Jean-Marc Robert and Pascal Verón and Gilles Zémor},
}

@thesis{McEliece2021,
	title = {Criptosistema de McEliece},
	type={Trabajo de Fin de Grado},
	year = {2021},
	institution = {Universidad de La Laguna},
	url = {https://riull.ull.es/xmlui/bitstream/handle/915/24222/Criptosistema de McEliece.pdf},
	author = {Marta García Luis}
}

@thesis{PQC,
	title = {Criptografía Post-cuántica: Análisis de McEliece y una nueva versión con MPC},
	type={Trabajo de Fin de Grado},
	institution = {Universidad de Valladolid},
	url = {https://uvadoc.uva.es/bitstream/handle/10324/40282/TFG-G4106.pdf},
	author = {David Moreno Centeno}
}

@thesis{McEliece2023,
	title = {Criptosistema de McEliece},
	type={Trabajo de Fin de Grado},
	year = {2023},
	institution = {Universidad de Valladolid},
	url = {https://uvadoc.uva.es/bitstream/handle/10324/63178/TFG-G6588.pdf},
	author = {Lucía Fraile de Antonio}
}

@thesis{SageMath,
	title = {Estudio e Implementación del Criptosistema de McEliece con SageMath},
	type={Trabajo de Fin de Grado},
	year = {2022},
	institution = {Universidad de La Laguna},
	url = {https://riull.ull.es/xmlui/bitstream/handle/915/30356/Estudio%20e%20implementacion%20del%20criptosistema%20de%20McEliece%20con%20SageMath.pdf},
	author = {Manuel Ramos Montesó}
}

@thesis{PQC2021,
	title = {Criptografía Postcuántica},
	type={Trabajo de Fin de Grado},
	year = {2021},
	institution = {Universidad del País Vasco},
	url = {https://addi.ehu.es/bitstream/handle/10810/54321/TFG_Alba_Miguel_Salgado.pdf},
	author = {Alba Miguel Salgado}
}

@thesis{McEliece2022,
	title = {Criptoanálisis del criptosistema de McEliece clásico mediante algoritmos genéticos},
	type={Trabajo de Fin de Grado},
	year = {2022},
	institution = {Universidad de Granada},
	url = {https://github.com/paula1999/TFG},
	author = {Paula Villanueva Núñez}
}

@thesis{Codes2024,
	title = {Criptografía basada en códigos},
	type={Trabajo de Fin de Grado},
	year = {2024},
	institution = {Universidad de Salamanca},
	url = {https://gredos.usal.es/bitstream/handle/10366/164411/TFG_71792016T_signed.pdf},
	author = {Juan Sánchez Blázquez}
}

@thesis{McElieceAttack,
	title = {McEliece variation under attack},
	subtitle = {Cryptanalysis of a public key cryptosystem based on algebraic geometry codes},
	type={Trabajo de Fin de Máster},
	year = {2021},
	institution = {Universidad de Groninga},
	url = {https://fse.studenttheses.ub.rug.nl/25890/1/mMATH_2021_TuijpA.pdf},
	author = {A. Tuijp}
}

@thesis{Goppa,
	title = {Códigos Goppa},
	type={Trabajo de Fin de Grado},
	year = {2022},
	institution = {Universidad de Granada},
	url = {http://hdl.handle.net/10481/76351},
	author = {Cristian Pozo González}
}

@thesis{Cyclic,
	title = {Introducción a la Teoría de Códigos: Códigos Cíclicos},
	type={Trabajo de Fin de Grado},
	year = {2014},
	institution = {Universidad de La Laguna},
	url = {http://riull.ull.es/xmlui/handle/915/223},
	author = {Raquel María Hernández Falcón}
}

@thesis{Efficiency,
	title = {Improving the Efficiency of Code-Based Cryptography},
	type={phdthesis},
	year = {2012},
	institution = {Universidad de Auckland},
	url = {https://www.math.auckland.ac.nz/~sgal018/EdoardoPhD.pdf},
	author = {Edoardo Persichetti}
}

@thesis{costs,
	title = {McEliece-type cryptosystems: costs, security and an attack to a recent variant},
	type={Trabajo de Fin de Máster},
	year = {2012},
	institution = {Universidad de Zúrich},
	url = {https://user.math.uzh.ch/rosenthal/masterthesis/03916947/DeGiorgi_2012.pdf},
	author = {Andrea De Giorgi}
}

@misc{kapshikar,
	title={McEliece-type Cryptosystems over Quasi-cyclic Codes}, 
	author={Upendra Kapshikar},
	year={2018},
	eprint={1805.09972},
	archivePrefix={arXiv},
	primaryClass={cs.IT},
	url={https://arxiv.org/abs/1805.09972}
}

@thesis{implementation,
	title = {Analysis and Implementation of the Post-Quantum Cryptographic Scheme Classic McEliece},
	type={Trabajo de Fin de Máster},
	year = {2023},
	institution = {Universidad Tecnológica de Eindhoven},
	url = {https://pure.tue.nl/ws/portalfiles/portal/320748021/Vettas_N.pdf},
	author = {Nikolaos Vettas}
}

@misc{isoMcEliece,
	title={Information security — Encryption algorithms — Part 1978: Classic McEliece},
	author={International Organization for Standardization},
	year={2023},
	url={https://classic.mceliece.org/iso-mceliece-20230419.pdf}
}

@article{Avanzi2011,
	author    = {Roberto Avanzi and Simon Hoerder and Dan Page and Michael Tunstall},
	title     = {Side-channel attacks on the McEliece and Niederreiter public-key cryptosystems},
	journal   = {Journal of Cryptographic Engineering},
	volume    = {1},
	number    = {4},
	pages     = {271--281},
	year      = {2011},
	month     = dec,
	abstract  = {Research within “post-quantum” cryptography has focused on development of schemes that resist quantum cryptanalysis. However, if such schemes are to be deployed, practical questions of efficiency and physical security should also be addressed; this is particularly important for embedded systems. To this end, we investigate issues relating to side-channel attack against the McEliece and Niederreiter public-key cryptosystems, for example improving those presented by Strenzke et al. (Side channels in the McEliece PKC, vol. 5299, pp. 216–229, 2008), and novel countermeasures against such attack.},
	doi       = {10.1007/s13389-011-0024-9},
	issn      = {2190-8516},
	url       = {https://doi.org/10.1007/s13389-011-0024-9}
}

@misc{Venkatesan,
	author        = {Venkatesan Guruswami},
	title         = {Advances in Error-Correcting Codes. Lecture 5: RS, BCH and Concatenated Codes},
	month         = {9},
	year          = {2022},
	type		  = {Transcripción de clase},
	url			  = {https://people.eecs.berkeley.edu/~venkatg/teaching/ECC-fall22/scribes/lecture05.pdf}
}
